

@book{barrat2003basic,
  title={Basic Concepts for Simple and Complex Liquids},
  author={Barrat, Jean-Louis and Hansen, Jean-Pierre},
  year={2003},
  publisher={Cambridge University Press},
  doi={10.1017/CBO9780511606533}
}

@article{sun1998compass,
  title={COMPASS: An Ab Initio Force-Field Optimized for Condensed-Phase Applications
  Overview With Details on Alkane and Benzene Compounds},
  author={Sun, Huai},
  journal={The Journal of Physical Chemistry B},
  volume={102},
  number={38},
  pages={7338--7364},
  year={1998},
  publisher={ACS Publications},
  doi={10.1021/jp980939v}
}

@article{sulpizi2012silica,
  title={The Silica-Water Interface: How the Silanols Determine the Surface Acidity
  and Modulate the Water Properties},
  author={Sulpizi, Marialore and Gaigeot, Marie-Pierre and Sprik, Michiel},
  journal={Journal of Chemical Theory and Computation},
  volume={8},
  number={3},
  pages={1037--1047},
  year={2012},
  publisher={ACS Publications},
  doi={10.1021/ct2007154}
}

@article{wolde-kidanInterplayInterfacialViscosity2021,
  title = {Interplay of {{Interfacial Viscosity}}, {{Specific-Ion}}, and {{Impurity Adsorption Determines Zeta Potentials}} of {{Phospholipid Membranes}}},
  author = {{Wolde-Kidan}, Amanuel and Netz, Roland R.},
  year = {2021},
  month = jul,
  journal = {Langmuir},
  volume = {37},
  number = {28},
  pages = {8463--8473},
  issn = {0743-7463, 1520-5827},
  doi={10.1021/acs.langmuir.1c00868}
}

@article{ryckaert1977numerical,
  title={Numerical Integration of the Cartesian Equations of Motion of a System
  With Constraints: Molecular Dynamics of n-Alkanes},
  author={Ryckaert, Jean-Paul and Ciccotti, Giovanni and Berendsen, Herman JC},
  journal={Journal of Computational Physics},
  volume={23},
  number={3},
  pages={327--341},
  year={1977},
  publisher={Elsevier},
  doi={10.1016/0021-9991(77)90098-5}
}

@article{andersen1983rattle,
  title={Rattle: A “Velocity” Version of the SHAKE Algorithm for Molecular Dynamics Calculations},
  author={Andersen, Hans C},
  journal={Journal of Computational Physics},
  volume={52},
  number={1},
  pages={24--34},
  year={1983},
  publisher={Elsevier},
  doi={10.1016/0021-9991(83)90014-1}
}

@article{martyna1994constant,
  title={Constant Pressure Molecular Dynamics Algorithms},
  author={Martyna, Glenn J and Tobias, Douglas J and Klein, Michael L},
  journal={The Journal of Chemical Physics},
  volume={101},
  number={5},
  pages={4177--4189},
  year={1994},
  publisher={American Institute of Physics},
  doi={10.1063/1.467468}
}

@article{hoover1985canonical,
  title={Canonical Dynamics: Equilibrium Phase-Space Distributions},
  author={Hoover, William G},
  journal={Physical Review A},
  volume={31},
  number={3},
  pages={1695},
  year={1985},
  publisher={APS},
  doi={10.1103/PhysRevA.31.1695}
}

@article{nose1984unified,
  title={A Unified Formulation of the Constant Temperature Molecular Dynamics Methods},
  author={Nos{\'e}, Shuichi},
  journal={The Journal of Chemical Physics},
  volume={81},
  number={1},
  pages={511--519},
  year={1984},
  publisher={AIP Publishing},
  doi={10.1063/1.447334}
}

@article{fischer2023history,
  title={On the History of Key Empirical Intermolecular Potentials},
  author={Fischer, Johann and Wendland, Martin},
  journal={Fluid Phase Equilibria},
  volume={573},
  pages={113876},
  year={2023},
  publisher={Elsevier},
  doi={10.1016/j.fluid.2023.113876}
}

@book{hestenes1952methods,
  title={Methods of Conjugate Gradients for Solving Linear Systems},
  author={Hestenes, Magnus Rudolph and Stiefel, Eduard and others},
  volume={49},
  number={1},
  year={1952},
  publisher={NBS Washington, DC},
  doi={10.6028/jres.049.044}
}

@article{prasad2018best,
  title={Best Practices for Foundations in Molecular Simulations [Article v1. 0]},
  author={Prasad, S and Mobley, DL and Braun, E and Mayes, HB and Monroe, JI and Zuckerman, DM and others},
  journal={Living Journal of Computational Molecular Science},
  volume={1},
  pages={1--28},
  year={2018},
  doi={10.33011/livecoms.1.1.5957}
}

@article{kastner2011umbrella,
  title={Umbrella Sampling},
  author={K{\"a}stner, Johannes},
  journal={Wiley Interdisciplinary Reviews: Computational Molecular Science},
  volume={1},
  number={6},
  pages={932--942},
  year={2011},
  publisher={Wiley Online Library},
  doi={10.1002/wcms.66}
}

@article{wong2016good,
  title={The Good, the Bad and the User in Soft Matter Simulations},
  author={Wong-Ekkabut, Jirasak and Karttunen, Mikko},
  journal={Biochimica et Biophysica Acta (BBA)-Biomembranes},
  volume={1858},
  number={10},
  pages={2529--2538},
  year={2016},
  publisher={Elsevier},
  doi={10.1016/j.bbamem.2016.02.004}
}

@article{wang2020lennard,
  title={The Lennard-Jones Potential: When (Not) to Use It},
  author={Wang, Xipeng and Ram{\'\i}rez-Hinestrosa, Sim{\'o}n and Dobnikar, Jure and Frenkel, Daan},
  journal={Physical Chemistry Chemical Physics},
  volume={22},
  number={19},
  pages={10624--10633},
  year={2020},
  publisher={Royal Society of Chemistry},
  doi={10.1039/C9CP05445F}
}

@book{hansen2013theory,
  title={Theory of Simple Liquids: With Applications to Soft Matter},
  author={Hansen, Jean-Pierre and McDonald, Ian Ranald},
  year={2013},
  publisher={Academic press},
  doi={10.1016/C2010-0-66723-X}
}

@article{makarov2009computer,
  title={Computer Simulations and Theory of Protein Translocation},
  author={Makarov, Dmitrii E},
  journal={Accounts of Chemical Research},
  volume={42},
  number={2},
  pages={281--289},
  year={2009},
  publisher={ACS Publications},
  doi={10.1021/ar800128x}
}

@misc{sklogwiki_main_page,
  author       = {{SklogWiki contributors}},
  title        = {Main Page},
  howpublished = {\url{http://www.sklogwiki.org/SklogWiki/index.php/Main_Page}},
  note         = {Accessed: 2024-12-22},
  year         = {n.d.}
}

@article{gravelle2021adsorption,
  title={Adsorption of Single and Multiple Graphene-Oxide Nanoparticles at a Water--Vapor Interface},
  author={Gravelle, Simon and Botto, Lorenzo},
  journal={Langmuir},
  volume={37},
  number={45},
  pages={13322--13330},
  year={2021},
  publisher={ACS Publications},
  doi={10.1021/acs.langmuir.1c01902}
}

@article{wilson1997adsorption,
  title={Adsorption and Solvation of Ethanol at the Water Liquid--Vapor Interface: A Molecular Dynamics Study},
  author={Wilson, Michael A and Pohorille, Andrew},
  journal={The Journal of Physical Chemistry B},
  volume={101},
  number={16},
  pages={3130--3135},
  year={1997},
  publisher={ACS Publications},
  doi={10.1021/jp962629n}
}

@book{allen2017computer,
  title={Computer Simulation of Liquids},
  author={Allen, Michael P and Tildesley, Dominic J},
  year={2017},
  publisher={Oxford university press},
  doi={10.1093/oso/9780198803195.001.0001}
}

@article{luty1996calculating,
  title={Calculating Electrostatic Interactions Using the Particle-Particle Particle-Mesh Method With Nonperiodic Long-Range Interactions},
  author={Luty, Brock A and van Gunsteren, Wilfred F},
  journal={The Journal of Physical Chemistry},
  volume={100},
  number={7},
  pages={2581--2587},
  year={1996},
  publisher={ACS Publications},
  doi={10.1021/jp9518623}
}

@article{fixmanRadiusGyrationPolymer1962a,
  title = {Radius of {{Gyration}} of {{Polymer Chains}}},
  author = {Fixman, Marshall},
  date = {1962-01-15},
  journal = {The Journal of Chemical Physics},
  volume = {36},
  number = {2},
  year = {1962},
  pages = {306--310},
  issn = {0021-9606, 1089-7690},
  doi={10.1063/1.1732501}
}

@article{van2018validation,
  title={Validation of Molecular Simulation: An Overview of Issues},
  author={van Gunsteren, Wilfred F and Daura, Xavier and Hansen, Niels and Mark, Alan E and Oostenbrink, Chris and Riniker, Sereina and Smith, Lorna J},
  journal={Angewandte Chemie International Edition},
  volume={57},
  number={4},
  pages={884--902},
  year={2018},
  publisher={Wiley Online Library},
  doi={10.1002/anie.201702945}
}

@article{van2008molecular,
  title={Molecular Simulation as an Aid to Experimentalists},
  author={van Gunsteren, Wilfred F and Dolenc, Jo{\v{z}}ica and Mark, Alan E},
  journal={Current Opinion in Structural Biology},
  volume={18},
  number={2},
  pages={149--153},
  year={2008},
  publisher={Elsevier},
  doi={10.1016/j.sbi.2007.12.007}
}

@article{thompson2022lammps,
  title={{{LAMMPS}}-A Flexible Simulation Tool for Particle-Based Materials Modeling at the Atomic, Meso, and Continuum Scales},
  author={Thompson, Aidan P and Aktulga, H Metin and Berger, Richard and Bolintineanu, Dan S and Brown, W Michael and Crozier, Paul S and in't Veld, Pieter J and Kohlmeyer, Axel and Moore, Stan G and Nguyen, Trung Dac and others},
  journal={Computer Physics Communications},
  volume={271},
  pages={108171},
  year={2022},
  publisher={Elsevier},
  doi={10.1016/j.cpc.2021.108171}
}

@book{van1995python,
  title={Python Reference Manual},
  author={van Rossum, Guido and Drake Jr, Fred L},
  year={1995},
  publisher={Centrum voor Wiskunde en Informatica Amsterdam}
}

@article{humphrey1996vmd,
  title={{{VMD}}: Visual Molecular Dynamics},
  author={Humphrey, William and Dalke, Andrew and Schulten, Klaus},
  journal={Journal of Molecular Graphics},
  volume={14},
  number={1},
  pages={33--38},
  year={1996},
  publisher={Elsevier},
  doi={10.1016/0263-7855(96)00018-5}
}

@article{schmid2011definition,
  title={Definition and Testing of the GROMOS Force-Field Versions 54A7 and 54B7},
  author={Schmid, Nathan and Eichenberger, Andreas P and Choutko, Alexandra and Riniker, Sereina and Winger, Moritz and Mark, Alan E and van Gunsteren, Wilfred F},
  journal={European Biophysics Journal},
  volume={40},
  pages={843--856},
  year={2011},
  publisher={Springer},
  doi={10.1007/s00249-011-0700-9}
}

@article{hunter2007Matplotlib,
  Author    = {Hunter, J. D.},
  Title     = {Matplotlib: A 2D Graphics Environment},
  Journal   = {Computing in Science \& Engineering},
  Volume    = {9},
  Number    = {3},
  Pages     = {90--95},
  publisher = {IEEE COMPUTER SOC},
  year      = {2007},
  doi       = {10.1109/MCSE.2007.55},
}

@inbook{berendsen1981interaction,
  author={Berendsen, H. J. C. and Postma, J. P. M. and van Gunsteren, W. F. and Hermans, J.},
  editor={Pullman, Bernard},
  title={Interaction Models for Water in Relation to Protein Hydration},
  booktitle={Intermolecular Forces: Proceedings of the Fourteenth Jerusalem Symposium on Quantum Chemistry and Biochemistry Held in Jerusalem, Israel, April 13--16, 1981},
  year={1981},
  publisher={Springer Netherlands},
  address={Dordrecht},
  pages={331--342},
  isbn={978-94-015-7658-1},
  doi={10.1007/978-94-015-7658-1_21},
  url={https://doi.org/10.1007/978-94-015-7658-1_21}
}

@article{wu2006flexible,
  title={Flexible Simple Point-Charge Water Model With Improved Liquid-State Properties},
  author={Wu, Yujie and Tepper, Harald L and Voth, Gregory A},
  journal={The Journal of Chemical Physics},
  volume={124},
  number={2},
  year={2006},
  publisher={AIP Publishing},
  doi={10.1063/1.2136877}
}

@book{frenkel2023understanding,
  title={Understanding Molecular Simulation: From Algorithms to Applications},
  author={Frenkel, Daan and Smit, Berend},
  year={2023},
  publisher={Elsevier},
  doi={10.1016/B978-0-12-267351-1.X5000-7}
}

@misc{kohlmeyer2017topotools,
  title={{{TopoTools}}: {{Release}} 1.9},
  author={Kohlmeyer, Axel and Vermaas, Josh},
  year={2021},
  publisher={Zenodo},
  doi={10.5281/zenodo.598373}
}

@article{rappe1991charge,
  title={Charge Equilibration for Molecular Dynamics Simulations},
  author={Rappe, Anthony K and Goddard III, William A},
  journal={The Journal of Physical Chemistry},
  volume={95},
  number={8},
  pages={3358--3363},
  year={1991},
  publisher={ACS Publications},
  doi={10.1021/j100161a070}
}

@misc{grossfieldimplementation,
  title={An Implementation of WHAM: The Weighted Histogram Analysis Method Version 2.1.0},
  author={Grossfield, Alan},
  howpulished={\url{membrane.urmc.rochester.edu/content/wham/}},
  note={Accessed: 2025-03-16},
  year={2025},
  url={http://membrane.urmc.rochester.edu/content/wham/}
}

@article{vashishta1990interaction,
  title={Interaction Potential for SiO2: A Molecular-Dynamics Study of Structural Correlations},
  author={Vashishta, P and Kalia, Rajiv K and Rino, Jos{\'e} P and Ebbsj{\"o}, Ingvar},
  journal={Physical Review B},
  volume={41},
  number={17},
  pages={12197},
  year={1990},
  publisher={APS},
  doi={10.1103/PhysRevB.41.12197}
}

@article{gravelle2020multi,
  title={A Multi-Scale Model for Fluid Transport Through a Bio-Inspired Passive Valve},
  author={Gravelle, Simon and Dumais, Jacques},
  journal={The Journal of Chemical Physics},
  volume={152},
  number={1},
  year={2020},
  publisher={AIP Publishing},
  doi={10.1063/1.5126481}
}

@article{gravelle2021violations,
  title={Violations of Jeffery's Theory in the Dynamics of Nanographene in Shear Flow},
  author={Gravelle, Simon and Kamal, Catherine and Botto, Lorenzo},
  journal={Physical Review Fluids},
  volume={6},
  number={3},
  pages={034303},
  year={2021},
  publisher={APS},
  doi={10.1103/PhysRevFluids.6.034303}
}

@article{liese2017hydration,
  title={Hydration Effects Turn a Highly Stretched Polymer From an Entropic Into an Energetic Spring},
  author={Liese, Susanne and Gensler, Manuel and Krysiak, Stefanie and Schwarzl, Richard and Achazi, Andreas and Paulus, Beate and Hugel, Thorsten and Rabe, Jürgen P and Netz, Roland R},
  journal={ACS Nano},
  volume={11},
  number={1},
  pages={702--712},
  year={2017},
  publisher={ACS Publications},
  doi={10.1021/acsnano.6b07071}
}

@article{abascal2005general,
  title={A General Purpose Model for the Condensed Phases of Water: TIP4P/2005},
  author={Abascal, Jose LF and Vega, Carlos},
  journal={The Journal of Chemical Physics},
  volume={123},
  number={23},
  year={2005},
  publisher={AIP Publishing},
  doi={10.1063/1.2121687}
}

@article{stuart2000reactive,
  title={A Reactive Potential for Hydrocarbons With Intermolecular Interactions},
  author={Stuart, Steven J and Tutein, Alan B and Harrison, Judith A},
  journal={The Journal of Chemical Physics},
  volume={112},
  number={14},
  pages={6472--6486},
  year={2000},
  publisher={American Institute of Physics},
  doi={10.1063/1.481208}
}

@article{jorgensenDevelopmentTestingOPLS1996,
  title={Development and Testing of the OPLS All-Atom Force Field on Conformational Energetics and Properties of Organic Liquids},
  author={Jorgensen, William L. and Maxwell, David S. and Tirado-Rives, Julian},
  journal={Journal of the American Chemical Society},
  volume={118},
  number={45},
  pages={11225--11236},
  year={1996},
  doi={10.1021/ja9621760}
}

@article{schneider1978molecular,
  title={Molecular-Dynamics Study of a Three-Dimensional One-Component Model for Distortive Phase Transitions},
  author={Schneider, T and Stoll, E},
  journal={Physical Review B},
  volume={17},
  number={3},
  pages={1302},
  year={1978},
  publisher={APS},
  doi={10.1103/PhysRevB.17.1302}
}

@article{zou2012investigation,
  title={Investigation of Complex Iron Surface Catalytic Chemistry Using the ReaxFF Reactive Force Field Method},
  author={Zou, Chenyu and van Duin, Adri},
  journal={Jom},
  volume={64},
  pages={1426--1437},
  year={2012},
  publisher={Springer},
  doi={10.1007/s11837-012-0463-5}
}

@article{weeks1971role,
  title={Role of Repulsive Forces in Determining the Equilibrium Structure of Simple Liquids},
  author={Weeks, John D and Chandler, David and Andersen, Hans C},
  journal={The Journal of Chemical Physics},
  volume={54},
  number={12},
  pages={5237--5247},
  year={1971},
  publisher={American Institute of Physics},
  doi={10.1063/1.1674820}
}

@article{grossfield2009quantifying,
  title={Quantifying uncertainty and sampling quality in biomolecular simulations},
  author={Grossfield, Alan and Zuckerman, Daniel M},
  journal={Annual Reports in Computational Chemistry},
  volume={5},
  pages={23--48},
  year={2009},
  publisher={Elsevier}
}

@article{van2001reaxff,
  title={ReaxFF: A Reactive Force Field for Hydrocarbons},
  author={van Duin, Adri CT and Dasgupta, Siddharth and Lorant, Francois and Goddard, William A},
  journal={The Journal of Physical Chemistry A},
  volume={105},
  number={41},
  pages={9396--9409},
  year={2001},
  publisher={ACS Publications},
  doi={10.1021/jp004368u}
}

@article{malde2011automated,
  title={An Automated Force Field Topology Builder (ATB) and Repository: Version 1.0},
  author={Malde, Alpeshkumar K and Zuo, Le and Breeze, Matthew and Stroet, Martin and Poger, David and Nair, Pramod C and Oostenbrink, Chris and Mark, Alan E},
  journal={Journal of Chemical Theory and Computation},
  volume={7},
  number={12},
  pages={4026--4037},
  year={2011},
  publisher={ACS Publications},
  doi={10.1021/ct200196m}
}

@article{kumar1992weighted,
  title={The Weighted Histogram Analysis Method for Free-Energy Calculations on Biomolecules. I. The Method},
  author={Kumar, Shankar and Rosenberg, John M and Bouzida, Djamal and Swendsen, Robert H and Kollman, Peter A},
  journal={Journal of Computational Chemistry},
  volume={13},
  number={8},
  pages={1011--1021},
  year={1992},
  publisher={Wiley Online Library},
  doi={10.1002/jcc.540130812}
}

@article{kumar1995multidim,
  title={Multidimensional Free-Energy Calculations Using the Weighted Histogram Analysis Method},
  author={Kumar, Shankar and Rosenberg, John M and Bouzida, Djamal and Swendsen, Robert H and Kollman, Peter A},
  journal={Journal of Computational Chemistry},
  volume={16},
  number={11},
  pages={1339--1350},
  year={1995},
  publisher={Wiley Online Library},
  doi={10.1002/jcc.540161104}
}

@article{oostenbrink2004biomolecular,
  title={A Biomolecular Force Field Based on the Free Enthalpy of Hydration and Solvation: The GROMOS Force-Field Parameter Sets 53A5 and 53A6},
  author={Oostenbrink, Chris and Villa, Alessandra and Mark, Alan E and van Gunsteren, Wilfred F},
  journal={Journal of Computational Chemistry},
  volume={25},
  number={13},
  pages={1656--1676},
  year={2004},
  publisher={Wiley Online Library},
  doi={10.1002/jcc.20090}
}

@software{lammps_code,
  author       = {Plimpton, Steven J. and Kohlmeyer, Axel and Thompson, Aidan P. and Moore, Stan G. and Berger, Richard},
  title        = {LAMMPS: Large-Scale Atomic/Molecular Massively Parallel Simulator},
  month        = {aug},
  year         = {2024},
  publisher    = {Zenodo},
  version      = {stable\_29Aug2024},
  doi          = {10.5281/zenodo.3726416},
  url          = {https://doi.org/10.5281/zenodo.3726416}
}

@misc{vmd_home,
  title = {VMD Homepage},
  howpublished = {\url{https://www.ks.uiuc.edu/Research/vmd}},
  note = {Accessed: 2024-07-15}
}

@misc{ovito_home,
  title = {OVITO Homepage},
  howpublished = {\url{https://ovito.org}},
  note = {Accessed: 2024-07-15}
}

@article{stukowski2009visualization,
  title={Visualization and Analysis of Atomistic Simulation Data With OVITO--The Open Visualization Tool},
  author={Stukowski, Alexander},
  journal={Modelling and Simulation in Materials Science and Engineering},
  volume={18},
  number={1},
  pages={015012},
  year={2009},
  publisher={IOP Publishing},
  doi={10.1088/0965-0393/18/1/015012}
}

@misc{flatpak_home,
  title = {Flatpak Homepage},
  howpublished = {\url{https://flatpak.org}},
  note = {Accessed: 2024-08-09}
}

@misc{lammps_home,
  title = {LAMMPS Homepage},
  howpublished = {\url{https://www.lammps.org}},
  note = {Accessed: 2024-07-15}
}

@misc{lammps_docs,
  title = {LAMMPS Online Documentation for Latest Stable Version},
  howpublished = {\url{https://docs.lammps.org/stable}},
  note = {Accessed: 2024-07-15}
}

@misc{lammps_gui_docs,
  title = {LAMMPS-GUI Online Documentation for Latest Stable Version},
  howpublished = {\url{https://docs.lammps.org/stable/Howto_lammps_gui.html}},
  note = {Accessed: 2024-07-15}
}

@misc{lammps_run_docs,
  title = {Run LAMMPS Online Documentation for Latest Stable Version},
  howpublished = {\url{https://docs.lammps.org/stable/Run_head.html}},
  note = {Accessed: 2024-12-14}
}

@misc{lammps_github_release,
  title = {LAMMPS Releases Page on GitHub},
  howpublished = {\url{https://github.com/lammps/lammps/releases}},
  note = {Accessed: 2024-12-26}
}

@article{gissinger2024type,
  title={Type Label Framework for Bonded Force Fields in LAMMPS},
  author={Gissinger, Jacob R and Nikiforov, Ilia and Afshar, Yaser and Waters, Brendon and Choi, Moon-ki and Karls, Daniel S and Stukowski, Alexander and Im, Wonpil and Heinz, Hendrik and Kohlmeyer, Axel and others},
  journal={The Journal of Physical Chemistry B},
  volume={128},
  number={13},
  pages={3282--3297},
  year={2024},
  publisher={ACS Publications},
  doi={10.1021/acs.jpcb.3c08419}
}

@article{gissinger2017polymer,
title = {Modeling Chemical Reactions in Classical Molecular Dynamics Simulations},
journal = {Polymer},
volume = {128},
pages = {211-217},
year = {2017},
issn = {0032-3861},
author = {Jacob R. Gissinger and Benjamin D. Jensen and Kristopher E. Wise},
doi={10.1016/j.polymer.2017.09.038}
}

@article{gissinger2020reacter,
  title={REACTER: A Heuristic Method for Reactive Molecular Dynamics},
  author={Gissinger, Jacob R and Jensen, Benjamin D and Wise, Kristopher E},
  journal={Macromolecules},
  volume={53},
  number={22},
  pages={9953--9961},
  year={2020},
  publisher={ACS Publications},
  doi={10.1021/acs.macromol.0c02012}
}

@article{gissinger2024molecular,
  title={Molecular Modeling of Reactive Systems With REACTER},
  author={Gissinger, Jacob R and Jensen, Benjamin D and Wise, Kristopher E},
  journal={Computer Physics Communications},
  volume={304},
  pages={109287},
  year={2024},
  publisher={Elsevier},
  doi={10.1016/j.cpc.2024.109287}
}

@article{ewald1921berechnung,
  title={Die Berechnung Optischer und Elektrostatischer Gitterpotentiale},
  author={Ewald, Paul P},
  journal={Annalen der Physik},
  volume={369},
  number={3},
  pages={253--287},
  year={1921},
  publisher={Wiley Online Library},
  doi={10.1002/andp.19213690304}
}

@article{kadaoluwa2021systematic,
  title={Systematic Comparison of the Structural and Dynamic Properties of Commonly Used Water Models for Molecular Dynamics Simulations},
  author={Kadaoluwa Pathirannahalage, Sachini P and Meftahi, Nastaran and Elbourne, Aaron and Weiss, Alessia CG and McConville, Chris F and Padua, Agilio and Winkler, David A and Costa Gomes, Margarida and Greaves, Tamar L and Le, Tu C and others},
  journal={Journal of Chemical Information and Modeling},
  volume={61},
  number={9},
  pages={4521--4536},
  year={2021},
  publisher={ACS Publications},
  doi={10.1021/acs.jcim.1c00794}
}

@article{mills1955remeasurement,
  title={A Remeasurement of the Self-Diffusion Coefficients of Sodium Ion in Aqueous Sodium Chloride Solutions},
  author={Mills, Reginald},
  journal={Journal of the American Chemical Society},
  volume={77},
  number={23},
  pages={6116--6119},
  year={1955},
  publisher={ACS Publications},
  doi={10.1021/ja01628a008}
}

@article{hayatifar2024probing,
  title={Probing Atomic-Scale Processes at the Ferrihydrite-Water Interface With Reactive Molecular Dynamics},
  author={Hayatifar, Ardalan and Gravelle, Simon and Moreno, Beatriz D and Schoepfer, Valerie A and Lindsay, Matthew BJ},
  journal={Geochemical Transactions},
  volume={25},
  number={1},
  pages={10},
  year={2024},
  publisher={Springer},
  doi={10.1186/s12932-024-00094-8}
}

@article{della1992molecular,
  title={Molecular Dynamics Simulation of Silica Liquid and Glass},
  author={Della Valle, Raffaele Guido and Andersen, Hans C},
  journal={The Journal of Chemical Physics},
  volume={97},
  number={4},
  pages={2682--2689},
  year={1992},
  publisher={American Institute of Physics},
  doi={10.1063/1.463056}
}

@article{loche2022molecular,
  title={Molecular Dynamics Simulations of the Evaporation of Hydrated Ions From Aqueous Solution},
  author={Loche, Philip and Bonthuis, Douwe J and Netz, Roland R},
  journal={Communications Chemistry},
  volume={5},
  number={1},
  pages={55},
  year={2022},
  publisher={Nature Publishing Group UK London},
  doi={10.1038/s42004-022-00669-5}
}
